@book{lavalle2006planning,
  title={Planning algorithms},
  author={LaValle, Steven M},
  year={2006},
  publisher={Cambridge university press},
  url={http://planning.cs.uiuc.edu/node198.html}
}
@book{kirk1995graphics,
  title={Graphics Gems III},
  editor={Kirk, David},
  publisher={Elsevier},
  url={http://inis.jinr.ru/sl/vol1/CMC/Graphics_Gems_3,ed_D.Kirk.pdf},
  year={1995}
}
@article{johnstone2020density,
	author = {Johnstone, Duncan N and Martineau, Ben H and Crout, Phillip and Midgley, Paul A and Eggeman, Alexander S},
	doi = {10.1107/S1600576720011103},
	journal = {Journal of Applied Crystallography},
	number = {5},
	publisher = {International Union of Crystallography},
	title = {{Density-based clustering of crystal (mis) orientations and the orix Python library}},
	volume = {53},
	year = {2020}
}
@article{rosca2014anew,
	author = {Ro≈üca, D. and Morawiec, Adam and {De Graef}, Marc},
	doi = {10.1088/0965-0393/22/7/075013},
	issn = {1361651X},
	journal = {Modelling and Simulation in Materials Science and Engineering},
	number = {7},
	title = {{A new method of constructing a grid in the space of 3D rotations and its applications to texture analysis}},
	volume = {22},
	year = {2014}
}
@article{rowenhorst2015consistent,
	author = {Rowenhorst, David and Rollett, Anthony D. and Rohrer, Gregory S. and Groeber, M. and Jackson, Michael and Konijnenberg, P. J. and {De Graef}, Marc},
	doi = {10.1088/0965-0393/23/8/083501},
	isbn = {0965-0393},
	issn = {1361651X},
	journal = {Modelling and Simulation in Materials Science and Engineering},
	number = {8},
	pages = {83501},
	publisher = {IOP Publishing},
	title = {{Consistent representations of and conversions between 3D rotations}},
	volume = {23},
	year = {2015}
}
@incollection{shoemake1992uniform,
  title={Uniform random rotations},
  author={Shoemake, Ken},
  booktitle={Graphics Gems III (IBM Version)},
  pages={124--132},
  year={1992},
  publisher={Elsevier}
}
@article{singh2016orientation,
	author = {Singh, S. and {De Graef}, Marc},
	doi = {10.1088/0965-0393/24/8/085013},
	issn = {1361651X},
	journal = {Modelling and Simulation in Materials Science and Engineering},
	number = {8},
	publisher = {IOP Publishing},
	title = {{Orientation sampling for dictionary-based diffraction pattern indexing methods}},
	volume = {24},
	year = {2016}
}
